%-------------------------------------------------------------------------------
%                参考文献
%-------------------------------------------------------------------------------
@book{一份不太简短的LaTeX介绍,
    title="The Not So Short Introduction to \LaTeXe{}",
    author="Tobias Oetiker and Hubert Partl and Irene Hyna and Elisabeth Schlegl",
    year="2015",
    pages="1-2",
}

@article{name1,
author = {作者, 多个作者用 and 连接},
title = {标题},
journal = {期刊名},
volume = {卷20},
number = {页码},
year = {年份},
abstract = {摘要, 这个主要是引用的时候自己参考的, 这一行不是必须的}
}

@book{name2,
author ="作者",
year="年份2008",
title="书名",
publisher ="出版社名称"
}
